@online{monitor_stages,
  author = {James Turnbull},
  title = {{A Monitoring Maturity Model}},
  url = {https://www.kartar.net/2015/01/a-monitoring-maturity-model/},
  year={2015},
  urldate = {2023}
}

